@inproceedings{8621875,
  author    = {Sivaguru, Raaghavi and Choudhary, Chhaya and Yu, Bin and Tymchenko, Vadym and Nascimento, Anderson and Cock, Martine De},
  booktitle = {2018 IEEE International Conference on Big Data (Big Data)},
  title     = {An Evaluation of DGA Classifiers},
  year      = {2018},
  volume    = {},
  number    = {},
  pages     = {5058-5067},
  keywords  = {Malware;Feature extraction;Training;Whitelists;Real-time systems;Neural networks;Deep learning;domain generation algorithms;malware;seed;deep learning;tree ensembles},
  doi       = {10.1109/BigData.2018.8621875}
}

@article{8887881,
  author  = {Namgung, Juhong and Son, Siwoon and Moon, Yang-Sae},
  title   = {Efficient Deep Learning Models for DGA Domain Detection},
  journal = {Security and Communication Networks},
  volume  = {2021},
  number  = {1},
  pages   = {},
  doi     = {https://doi.org/10.1155/2021/8887881},
  url     = {https://onlinelibrary.wiley.com/doi/abs/10.1155/2021/8887881},
  eprint  = {https://onlinelibrary.wiley.com/doi/pdf/10.1155/2021/8887881},
  year    = {2021}
}



@article{6151233,
  author   = {Yadav, Sandeep and Reddy, Ashwath Kumar Krishna and Reddy, A. L. Narasimha and Ranjan, Supranamaya},
  journal  = {IEEE/ACM Transactions on Networking},
  title    = {Detecting Algorithmically Generated Domain-Flux Attacks With DNS Traffic Analysis},
  year     = {2012},
  volume   = {20},
  number   = {5},
  pages    = {1663-1677},
  keywords = {Measurement;IP networks;Indexes;Servers;Generators;Prediction algorithms;Dictionaries;Components;domain flux;domain names;Edit distance;entropy;IP fast flux;Jaccard index;malicious},
  doi      = {10.1109/TNET.2012.2184552}
}

@incollection{978131,
  title={Conficker worm},
  author={Alley-Young, Gordon},
  booktitle={The Handbook of Homeland Security},
  pages={175-175},
  year={2023},
  publisher={CRC Press}
}
